@BOOK{Hadoop,
  TITLE={Hadoop: The Definitive Guide},
  AUTHOR = {Tom White},
  YEAR = {2015},
  PAGES = {225--226},
  PUBLISHER = {Oâ€™Reilly Media, Inc},
}
%  NOTE = "pages 225-226".
